
@inproceedings{Holz:2011,
 author = {Holz, Christian and Baudisch, Patrick},
 title = {Understanding touch},
 booktitle = {Proc. ACM CHI '11},
% booktitle = {Proceedings of the SIGCHI Conference on Human Factors in Computing Systems},
% series = {CHI '11},
 year = {2011},
% isbn = {978-1-4503-0228-9},
%  location = {Vancouver, BC, Canada},
 pages = {2501--2510},
%  numpages = {10},
%  url = {http://doi.acm.org/10.1145/1978942.1979308},
%  doi = {10.1145/1978942.1979308},
%  acmid = {1979308},
%  publisher = {ACM},
%  address = {New York, NY, USA},
%  keywords = {experiment, generalized perceived input point model, targeting, touch input},
} 

@inproceedings{Wobbrock:2007,
 author = {Wobbrock, Jacob O. and Wilson, Andrew D. and Li, Yang},
 title = {Gestures without libraries, toolkits or training: a \$1 recognizer for user interface prototypes},
 booktitle = {Proc. ACM UIST '07},
% booktitle = {Proceedings of the 20th annual ACM symposium on User interface software and technology},
% series = {UIST '07},
 year = {2007},
% isbn = {978-1-59593-679-0},
% location = {Newport, Rhode Island, USA},
 pages = {159--168},
% numpages = {10},
% url = {http://doi.acm.org/10.1145/1294211.1294238},
% doi = {10.1145/1294211.1294238},
% acmid = {1294238},
% publisher = {ACM},
% address = {New York, NY, USA},
% keywords = {dynamic time warping, gesture recognition, marks, rapid prototyping, recognition rates, rubine, statistical classifiers, strokes, symbols, unistrokes, user interfaces},
} 

@inproceedings{Liang:2012,
 author = {Liang, Rong-Hao and Cheng, Kai-Yin and Su, Chao-Huai and Weng, Chien-Ting and Chen, Bing-Yu and Yang, De-Nian},
 title = {GaussSense: attachable stylus sensing using magnetic sensor grid},
 booktitle = {Proc. ACM UIST '12},
% booktitle = {Proceedings of the 25th annual ACM symposium on User interface software and technology},
% series = {UIST '12},
% year = {2012},
% isbn = {978-1-4503-1580-7},
% location = {Cambridge, Massachusetts, USA},
 pages = {319--326},
% numpages = {8},
% url = {http://doi.acm.org/10.1145/2380116.2380157},
% doi = {10.1145/2380116.2380157},
 %acmid = {2380157},
% publisher = {ACM},
% address = {New York, NY, USA},
% keywords = {magnetism, sensor, stylus, touchscreen},
} 


@inproceedings{Harrison:2009,
 author = {Harrison, Chris and Hudson, Scott E.},
 title = {Abracadabra: wireless, high-precision, and unpowered finger input for very small mobile devices},
 booktitle = {Proc. ACM UIST '09},
% booktitle = {Proceedings of the 22nd annual ACM symposium on User interface software and technology},
% series = {UIST '09},
 year = {2009},
% isbn = {978-1-60558-745-5},
% location = {Victoria, BC, Canada},
 pages = {121--124},
% numpages = {4},
% url = {http://doi.acm.org/10.1145/1622176.1622199},
% doi = {10.1145/1622176.1622199},
% acmid = {1622199},
% publisher = {ACM},
% address = {New York, NY, USA},
% keywords = {cursor, finger input, gesture, interaction techniques, magnetic, mobile devices, pointing, small screens},
} 

@inproceedings{Costanza:2007,
 author = {Costanza, Enrico and Inverso, Samuel A. and Allen, Rebecca and Maes, Pattie},
 title = {Intimate interfaces in action: assessing the usability and subtlety of emg-based motionless gestures},
  booktitle = {Proc. ACM CHI '07},
% booktitle = {Proceedings of the SIGCHI Conference on Human Factors in Computing Systems},
% series = {CHI '07},
 year = {2007},
% isbn = {978-1-59593-593-9},
% location = {San Jose, California, USA},
 pages = {819--828},
% numpages = {10},
% url = {http://doi.acm.org/10.1145/1240624.1240747},
% doi = {10.1145/1240624.1240747},
% acmid = {1240747},
% publisher = {ACM},
% address = {New York, NY, USA},
% keywords = {electromyogram, intimate interface, mobile computing, motionless gestures, social acceptance, subtle interaction, wearable computing},
} 


@inproceedings{Fukumoto:1994,
 author = {Fukumoto, Masaaki and Suenaga, Yasuhito},
 title = {FingeRing: a full-time wearable interface},
 booktitle = {Proc. ACM CHI '94},
% booktitle = {Conference Companion on Human Factors in Computing Systems},
%  series = {CHI '94},
 year = {1994},
%  isbn = {0-89791-651-4},
%  location = {Boston, Massachusetts, USA},
 pages = {81--82},
%  numpages = {2},
%  url = {http://doi.acm.org/10.1145/259963.260056},
%  doi = {10.1145/259963.260056},
%  acmid = {260056},
%  publisher = {ACM},
%  address = {New York, NY, USA},
} 

@inproceedings{Nanayakkara:2012,
 author = {Nanayakkara, Suranga and Shilkrot, Roy and Maes, Pattie},
 title = {EyeRing: a finger-worn assistant},
 booktitle = {Proc. ACM CHI EA '12},
% booktitle = {Proceedings of the 2012 ACM annual conference extended abstracts on Human Factors in Computing Systems Extended Abstracts},
% series = {CHI EA '12},
 year = {2012},
% isbn = {978-1-4503-1016-1},
%  location = {Austin, Texas, USA},
 pages = {1961--1966},
%  numpages = {6},
%  url = {http://doi.acm.org/10.1145/2223656.2223736},
%  doi = {10.1145/2223656.2223736},
%  acmid = {2223736},
% publisher = {ACM},
% address = {New York, NY, USA},
% keywords = {intuitive interfaces, pointing-based interaction, wearable assistive device},
} 

@INPROCEEDINGS{4421009, 
author={Xinying Han and Seki, H. and Hikizu, M.}, 
 booktitle = {Proc. IEEE SICE '07},
%booktitle={SICE, 2007 Annual Conference}, title={Wearable handwriting input device using magnetic field}, 
year={2007}, 
pages={365-368}, 
%keywords={geomagnetism;magnetic sensors;permanent magnets;wearable computers;geomagnetic influence;magnetic field;magnetic sensor;permanent magnet;wearable handwriting input device;Geomagnetism;Magnetic devices;Magnetic fields;Magnetic sensors;Mechanical systems;Mercury (metals);Permanent magnets;Prototypes;Systems engineering and theory;Wrist;Geomagnetic influence;Handwriting input;Magnetic sensor;Wearable device}, 
%doi={10.1109/SICE.2007.4421009},
}

@inproceedings{Yang:2012,
 author = {Yang, Xing-Dong and Grossman, Tovi and Wigdor, Daniel and Fitzmaurice, George},
 title = {Magic finger: always-available input through finger instrumentation},
 booktitle = {Proc. ACM UIST '12},
% booktitle = {Proceedings of the 25th annual ACM symposium on User interface software and technology},
% series = {UIST '12},
 year = {2012},
%  isbn = {978-1-4503-1580-7},
%  location = {Cambridge, Massachusetts, USA},
 pages = {147--156},
%  numpages = {10},
%  url = {http://doi.acm.org/10.1145/2380116.2380137},
%  doi = {10.1145/2380116.2380137},
%  acmid = {2380137},
%  publisher = {ACM},
%  address = {New York, NY, USA},
%  keywords = {always-available input, contextual action, gesture input, texture reorganization, touch input},
} 

@inproceedings{Roth:2010,
 author = {Roth, Volker and Schmidt, Philipp and G\"{u}ldenring, Benjamin},
 title = {The IR ring: authenticating users' touches on a multi-touch display},
 booktitle = {Proc. ACM UIST '10},
% booktitle = {Proceedings of the 23nd annual ACM symposium on User interface software and technology},
% series = {UIST '10},
 year = {2010},
%  isbn = {978-1-4503-0271-5},
%  location = {New York, New York, USA},
 pages = {259--262},
%  numpages = {4},
%  url = {http://doi.acm.org/10.1145/1866029.1866071},
%  doi = {10.1145/1866029.1866071},
%  acmid = {1866071},
%  publisher = {ACM},
%  address = {New York, NY, USA},
%  keywords = {authentication, multi-touch},
} 

@inproceedings{4030901,
author = {Koji Tsukada and M. Yasamura},
title = {{Ubi-Finger: Gesture input device for mobile use}},
booktitle = {Asia-Pacific Computer and Human Interaction},
year = {2002},
% masid = {4030901}
}

@inproceedings{Bailly:2012,
 author = {Bailly, Gilles and M\"{u}ller, J\"{o}rg and Rohs, Michael and Wigdor, Daniel and Kratz, Sven},
 title = {ShoeSense: a new perspective on gestural interaction and wearable applications},
 booktitle = {Proc. ACM CHI '12},
% booktitle = {Proceedings of the SIGCHI Conference on Human Factors in Computing Systems},
% series = {CHI '12},
 year = {2012},
%  isbn = {978-1-4503-1015-4},
%  location = {Austin, Texas, USA},
 pages = {1239--1248},
%  numpages = {10},
%  url = {http://doi.acm.org/10.1145/2207676.2208576},
%  doi = {10.1145/2207676.2208576},
%  acmid = {2208576},
%  publisher = {ACM},
%  address = {New York, NY, USA},
%  keywords = {gesture set, gestures, mobile, sensor placement, shoe, wearable},
} 

@inproceedings{Saponas:2011,
 author = {Saponas, T. Scott and Harrison, Chris and Benko, Hrvoje},
 title = {PocketTouch: through-fabric capacitive touch input},
 booktitle = {Proc. ACM UIST '11},
% booktitle = {Proceedings of the 24th annual ACM symposium on User interface software and technology},
% series = {UIST '11},
 year = {2011},
%  isbn = {978-1-4503-0716-1},
%  location = {Santa Barbara, California, USA},
 pages = {303--308},
%  numpages = {6},
%  url = {http://doi.acm.org/10.1145/2047196.2047235},
%  doi = {10.1145/2047196.2047235},
%  acmid = {2047235},
%  publisher = {ACM},
%  address = {New York, NY, USA},
%  keywords = {always-available input, eyes-free, gestures, touch, touch-stroke text entry, wearable computing},
} 

@inproceedings{Karrer:2010,
 author = {Karrer, Thorsten and Wittenhagen, Moritz and Heller, Florian and Borchers, Jan},
 title = {Pinstripe: eyes-free continuous input anywhere on interactive clothing},
 booktitle = {Proc. ACM UIST '10},
% booktitle = {Adjunct proceedings of the 23nd annual ACM symposium on User interface software and technology},
% series = {UIST '10},
 year = {2010},
%  isbn = {978-1-4503-0462-7},
%  location = {New York, New York, USA},
 pages = {429--430},
%  numpages = {2},
%  url = {http://doi.acm.org/10.1145/1866218.1866255},
%  doi = {10.1145/1866218.1866255},
%  acmid = {1866255},
%  publisher = {ACM},
%  address = {New York, NY, USA},
%  keywords = {continuous input, eyes-free interaction, smart textiles, wearable computing},
} 


@article{Sawhney:2000,
 author = {Sawhney, Nitin and Schmandt, Chris},
 title = {Nomadic radio: speech and audio interaction for contextual messaging in nomadic environments},
 journal = {ACM Trans. Comput.-Hum. Interact.},
 issue_date = {Sept. 2000},
 volume = {7},
 number = {3},
%  month = sep,
 year = {2000},
%  issn = {1073-0516},
 pages = {353--383},
%  numpages = {31},
%  url = {http://doi.acm.org/10.1145/355324.355327},
%  doi = {10.1145/355324.355327},
%  acmid = {355327},
%  publisher = {ACM},
%  address = {New York, NY, USA},
%  keywords = {adaptive interfaces, contextual interfaces, interruptions, nonspeech audio, notifications, passive awareness, spatial listening, speech interaction, wearable computing},
} 

@inproceedings{Scott:2010,
 author = {Scott, Jeremy and Dearman, David and Yatani, Koji and Truong, Khai N.},
 title = {Sensing foot gestures from the pocket},
 booktitle = {Proc. ACM UIST '10},
% booktitle = {Proceedings of the 23nd annual ACM symposium on User interface software and technology},
% series = {UIST '10},
 year = {2010},
%  isbn = {978-1-4503-0271-5},
%  location = {New York, New York, USA},
 pages = {199--208},
%  numpages = {10},
%  url = {http://doi.acm.org/10.1145/1866029.1866063},
%  doi = {10.1145/1866029.1866063},
%  acmid = {1866063},
%  publisher = {ACM},
%  address = {New York, NY, USA},
%  keywords = {eyes-free interaction, foot-based gestures, hands-free interaction, mobile devices},
} 


@inproceedings{Rekimoto:2001,
 author = {Rekimoto, Jun},
 title = {GestureWrist and GesturePad: Unobtrusive Wearable Interaction Devices},
 booktitle = {Proc. IEEE ISWC '01},
% booktitle = {Proceedings of the 5th IEEE International Symposium on Wearable Computers},
% series = {ISWC '01},
 year = {2001},
%  isbn = {0-7695-1318-2},
 pages = {21--},
%  url = {http://dl.acm.org/citation.cfm?id=580581.856565},
%  acmid = {856565},
%  publisher = {IEEE Computer Society},
%  address = {Washington, DC, USA},
%  keywords = {Wearable computers, input technologies, gesture sensing, interactive clothing, on-body networking.},
} 

@inproceedings{Kim:2012,
 author = {Kim, David and Hilliges, Otmar and Izadi, Shahram and Butler, Alex D. and Chen, Jiawen and Oikonomidis, Iason and Olivier, Patrick},
 title = {Digits: freehand 3D interactions anywhere using a wrist-worn gloveless sensor},
 booktitle = {Proc. ACM UIST '12},
 % booktitle = {Proceedings of the 25th annual ACM symposium on User interface software and technology},
% series = {UIST '12},
 year = {2012},
%  isbn = {978-1-4503-1580-7},
%  location = {Cambridge, Massachusetts, USA},
 pages = {167--176},
%  numpages = {10},
%  url = {http://doi.acm.org/10.1145/2380116.2380139},
%  doi = {10.1145/2380116.2380139},
%  acmid = {2380139},
%  publisher = {ACM},
%  address = {New York, NY, USA},
%  keywords = {3d interaction, hand tracking, mobile, wearables},
} 

@inproceedings{Ogata:2012,
 author = {Ogata, Masa and Sugiura, Yuta and Osawa, Hirotaka and Imai, Michita},
 title = {iRing: intelligent ring using infrared reflection},
 booktitle = {Proc. ACM UIST '12},
% booktitle = {Proceedings of the 25th annual ACM symposium on User interface software and technology},
% series = {UIST '12},
 year = {2012},
%  isbn = {978-1-4503-1580-7},
%  location = {Cambridge, Massachusetts, USA},
 pages = {131--136},
%  numpages = {6},
%  url = {http://doi.acm.org/10.1145/2380116.2380135},
%  doi = {10.1145/2380116.2380135},
%  acmid = {2380135},
%  publisher = {ACM},
%  address = {New York, NY, USA},
%  keywords = {finger gesture, multiple sensors, photo reflectivity, skin sensing, wearable computing},
} 


@inproceedings{Ashbrook:2011,
 author = {Ashbrook, Daniel and Baudisch, Patrick and White, Sean},
 title = {Nenya: subtle and eyes-free mobile input with a magnetically-tracked finger ring},
 booktitle = {Proc. ACM CHI '11},
% booktitle = {Proceedings of the SIGCHI Conference on Human Factors in Computing Systems},
% series = {CHI '11},
 year = {2011},
%  isbn = {978-1-4503-0228-9},
%  location = {Vancouver, BC, Canada},
 pages = {2043--2046},
%  numpages = {4},
%  url = {http://doi.acm.org/10.1145/1978942.1979238},
%  doi = {10.1145/1978942.1979238},
%  acmid = {1979238},
%  publisher = {ACM},
%  address = {New York, NY, USA},
%  keywords = {eyes-free, finger ring, jewelry, mobile, one-handed, screen-less, subtle, two-handed, wearable, wristwatch},
} 

@inproceedings{Saponas:2009,
 author = {Saponas, T. Scott and Tan, Desney S. and Morris, Dan and Balakrishnan, Ravin and Turner, Jim and Landay, James A.},
 title = {Enabling always-available input with muscle-computer interfaces},
 booktitle = {Proc. ACM UIST '09},
% booktitle = {Proceedings of the 22nd annual ACM symposium on User interface software and technology},
% series = {UIST '09},
 year = {2009},
%  isbn = {978-1-60558-745-5},
%  location = {Victoria, BC, Canada},
 pages = {167--176},
%  numpages = {10},
%  url = {http://doi.acm.org/10.1145/1622176.1622208},
%  doi = {10.1145/1622176.1622208},
%  acmid = {1622208},
%  publisher = {ACM},
%  address = {New York, NY, USA},
%  keywords = {electromyography (EMG), input, interaction, muscle-computer interface},
} 

@inproceedings{Hudson:2010,
 author = {Hudson, Scott E. and Harrison, Chris and Harrison, Beverly L. and LaMarca, Anthony},
 title = {Whack gestures: inexact and inattentive interaction with mobile devices},
 booktitle = {Proc. ACM TEI '10},
% booktitle = {Proceedings of the fourth international conference on Tangible, embedded, and embodied interaction},
% series = {TEI '10},
 year = {2010},
%  isbn = {978-1-60558-841-4},
%  location = {Cambridge, Massachusetts, USA},
 pages = {109--112},
%  numpages = {4},
%  url = {http://doi.acm.org/10.1145/1709886.1709906},
%  doi = {10.1145/1709886.1709906},
%  acmid = {1709906},
%  publisher = {ACM},
%  address = {New York, NY, USA},
%  keywords = {adaptive user interfaces, gesture-based interfaces, lightweight interaction, physical interaction, sensing},
} 


@inproceedings{Ishii:1997,
 author = {Ishii, Hiroshi and Ullmer, Brygg},
 title = {Tangible bits: towards seamless interfaces between people, bits and atoms},
 booktitle = {Proc. ACM CHI '97},
%  booktitle = {Proceedings of the ACM SIGCHI Conference on Human factors in computing systems},
% series = {CHI '97},
 year = {1997},
%  isbn = {0-89791-802-9},
%  location = {Atlanta, Georgia, USA},
 pages = {234--241},
%  numpages = {8},
%  url = {http://doi.acm.org/10.1145/258549.258715},
%  doi = {10.1145/258549.258715},
%  acmid = {258715},
%  publisher = {ACM},
%  address = {New York, NY, USA},
%  keywords = {ambient media, augmented reality, center and periphery, foreground and background, graspable user interface, tangible user interface, ubiquitous computing},
} 

@inproceedings{Cheng:2010,
 author = {Cheng, Kai-Yin and Liang, Rong-Hao and Chen, Bing-Yu and Laing, Rung-Huei and Kuo, Sy-Yen},
 title = {iCon: utilizing everyday objects as additional, auxiliary and instant tabletop controllers},
 booktitle = {Proc. ACM CHI '10},
% booktitle = {Proceedings of the SIGCHI Conference on Human Factors in Computing Systems},
% series = {CHI '10},
 year = {2010},
%  isbn = {978-1-60558-929-9},
%  location = {Atlanta, Georgia, USA},
 pages = {1155--1164},
%  numpages = {10},
%  url = {http://doi.acm.org/10.1145/1753326.1753499},
%  doi = {10.1145/1753326.1753499},
%  acmid = {1753499},
%  publisher = {ACM},
%  address = {New York, NY, USA},
%  keywords = {everyday object, tabletop controller, tangible user interface},
} 

@inproceedings{Henderson:2008,
 author = {Henderson, Steven J. and Feiner, Steven},
 title = {Opportunistic controls: leveraging natural affordances as tangible user interfaces for augmented reality},
 booktitle = {Proc. ACM VRST '08},
%  booktitle = {Proceedings of the 2008 ACM symposium on Virtual reality software and technology},
% series = {VRST '08},
 year = {2008},
%  isbn = {978-1-59593-951-7},
%  location = {Bordeaux, France},
 pages = {211--218},
%  numpages = {8},
%  url = {http://doi.acm.org/10.1145/1450579.1450625},
%  doi = {10.1145/1450579.1450625},
%  acmid = {1450625},
%  publisher = {ACM},
%  address = {New York, NY, USA},
%  keywords = {3D interaction, augmented reality, selection metaphor, tangible user interfaces},
} 

@inproceedings{Kane:2009,
 author = {Kane, Shaun K. and Avrahami, Daniel and Wobbrock, Jacob O. and Harrison, Beverly and Rea, Adam D. and Philipose, Matthai and LaMarca, Anthony},
 title = {Bonfire: a nomadic system for hybrid laptop-tabletop interaction},
 booktitle = {Proc. ACM UIST '09},
% booktitle = {Proceedings of the 22nd annual ACM symposium on User interface software and technology},
% series = {UIST '09},
 year = {2009},
%  isbn = {978-1-60558-745-5},
%  location = {Victoria, BC, Canada},
 pages = {129--138},
%  numpages = {10},
%  url = {http://doi.acm.org/10.1145/1622176.1622202},
%  doi = {10.1145/1622176.1622202},
%  acmid = {1622202},
%  publisher = {ACM},
%  address = {New York, NY, USA},
%  keywords = {ambient interaction, computer vision, extended display, gestures, laptop, micro-projector, object recognition, peripheral display, surface, tabletop, tangible bits},
} 

@inproceedings{Held:2012:PKI:2380116.2380170,
 author = {Held, Robert and Gupta, Ankit and Curless, Brian and Agrawala, Maneesh},
 title = {3D puppetry: a kinect-based interface for 3D animation},
 booktitle = {Proc. ACM UIST '12},
%  booktitle = {Proceedings of the 25th annual ACM symposium on User interface software and technology},
% series = {UIST '12},
 year = {2012},
%  isbn = {978-1-4503-1580-7},
%  location = {Cambridge, Massachusetts, USA},
 pages = {423--434},
%  numpages = {12},
%  url = {http://doi.acm.org/10.1145/2380116.2380170},
%  doi = {10.1145/2380116.2380170},
%  acmid = {2380170},
%  publisher = {ACM},
%  address = {New York, NY, USA},
%  keywords = {animation, object tracking, tangible user interface},
} 

@inproceedings{wolf2011microinteractions,
 author = {Wolf, Katrin and Naumann, Anja and Rohs, Michael and M\"{u}ller, J\"{o}rg},
 title = {Taxonomy of microinteractions: Defining microgestures based on ergonomic and scenario-dependent requirements},
 booktitle = {Proc. INTERACT '11}, 
% booktitle = {Proceedings of the 13th IFIP TC 13 International Conference on Human-Computer Interaction - Volume Part I},
% series = {INTERACT'11},
 year = {2011},
%  month = sep,
%  isbn = {978-3-642-23773-7},
%  location = {Lisbon, Portugal},
 pages = {559--575},
%  numpages = {17},
%  publisher = {Springer-Verlag},
%  address = {Berlin, Heidelberg},
%  keywords = {dual-task, gestures, interruption, microinteractions, multitask},
} 
